<record><leader>00000cas a22000007a 4500</leader><controlfield tag="001">15731519</controlfield><controlfield tag="008">870526d19801982msudn ne      0    0eng d</controlfield><controlfield tag="009">1682</controlfield><datafield ind1=" " ind2=" " tag="010"><subfield code="a">sn 87065680 </subfield></datafield><datafield ind1=" " ind2=" " tag="040"><subfield code="a">MPC</subfield><subfield code="b">eng</subfield><subfield code="c">MPC</subfield><subfield code="d">MSJ</subfield><subfield code="d">OCLCQ</subfield></datafield><datafield ind1=" " ind2=" " tag="042"><subfield code="a">msc</subfield></datafield><datafield ind1="0" ind2="0" tag="245"><subfield code="a">Daily morning peoples' press.</subfield></datafield><datafield ind1="3" ind2="0" tag="246"><subfield code="a">Peoples' press</subfield></datafield><datafield ind1=" " ind2=" " tag="260"><subfield code="a">Yazoo City, Miss. :</subfield><subfield code="b">W. Paul Stewart,</subfield><subfield code="c">1980-1982.</subfield></datafield><datafield ind1=" " ind2=" " tag="310"><subfield code="a">Daily except Mon. and Tues.</subfield></datafield><datafield ind1="0" ind2=" " tag="362"><subfield code="a">Vol. 9, no. 131 (Feb. 6, 1980)-v. 12, no. 93 (July 10, 1982).</subfield></datafield><datafield ind1=" " ind2=" " tag="752"><subfield code="a">United States</subfield><subfield code="b">Mississippi</subfield><subfield code="c">Yazoo</subfield><subfield code="d">Yazoo City.</subfield></datafield><datafield ind1="0" ind2="0" tag="780"><subfield code="t">Peoples' press (Yazoo City, Miss. : 1972)</subfield><subfield code="w">(OCoLC)15731500</subfield></datafield><datafield ind1="0" ind2="0" tag="785"><subfield code="t">People's press (Yazoo City, Miss. : 1982)</subfield><subfield code="w">(OCoLC)16643289</subfield></datafield></record>